<record><leader>00000cas a22000007a 4500</leader><controlfield tag="001">2252940</controlfield><controlfield tag="008">760620d19181927nduwr ne      0    0eng d</controlfield><controlfield tag="009">501</controlfield><datafield ind1=" " ind2=" " tag="010"><subfield code="a">sn 88076084 </subfield></datafield><datafield ind1=" " ind2=" " tag="040"><subfield code="a">MUL</subfield><subfield code="b">eng</subfield><subfield code="c">MUL</subfield><subfield code="d">NOP</subfield><subfield code="d">GUA</subfield></datafield><datafield ind1="1" ind2=" " tag="029"><subfield code="a">AU@</subfield><subfield code="b">000025835549</subfield></datafield><datafield ind1=" " ind2=" " tag="042"><subfield code="a">msc</subfield></datafield><datafield ind1="0" ind2=" " tag="130"><subfield code="a">Farmers advocate (Bottineau, N.D.)</subfield></datafield><datafield ind1="0" ind2="4" tag="245"><subfield code="a">The Farmers advocate.</subfield></datafield><datafield ind1=" " ind2=" " tag="260"><subfield code="a">Bottineau, N.D. :</subfield><subfield code="b">Northwestern Farmers Pub. Co.,</subfield></datafield><datafield ind1=" " ind2=" " tag="300"><subfield code="a">10 v. :</subfield><subfield code="b">ill. ;</subfield><subfield code="c">56 cm.</subfield></datafield><datafield ind1=" " ind2=" " tag="310"><subfield code="a">Weekly</subfield></datafield><datafield ind1="0" ind2=" " tag="362"><subfield code="a">Vol. 19, no. 47 (Apr. 5, 1918)-v. 28, no. 44 (Mar. 3, 1927).</subfield></datafield><datafield ind1=" " ind2=" " tag="530"><subfield code="a">Available on microfilm from the State Historical Society of North Dakota.</subfield></datafield><datafield ind1=" " ind2=" " tag="752"><subfield code="a">United States</subfield><subfield code="b">North Dakota</subfield><subfield code="c">Bottineau</subfield><subfield code="d">Bottineau.</subfield></datafield><datafield ind1=" " ind2=" " tag="752"><subfield code="a">United States</subfield><subfield code="b">North Dakota</subfield><subfield code="c">Bottineau</subfield><subfield code="d">Omemee.</subfield></datafield><datafield ind1=" " ind2=" " tag="752"><subfield code="a">United States</subfield><subfield code="b">North Dakota</subfield><subfield code="c">Bottineau</subfield><subfield code="d">Souris.</subfield></datafield><datafield ind1="0" ind2="0" tag="780"><subfield code="t">Bottineau County news and Omemee herald</subfield><subfield code="w">(DLC)sn 88076603</subfield></datafield><datafield ind1="0" ind2="5" tag="780"><subfield code="t">Souris messenger</subfield><subfield code="w">(DLC)sn 88076390</subfield></datafield><datafield ind1="0" ind2="0" tag="785"><subfield code="t">Bottineau County herald</subfield><subfield code="w">(DLC)sn 88076085</subfield></datafield></record>